<?xml version="1.0" encoding="UTF-8"?><collection xmlns="http://www.loc.gov/MARC21/slim"><record><leader>00339nam--2200133-i-4500</leader><controlfield tag="001">000032966</controlfield><controlfield tag="002">20161230</controlfield><controlfield tag="005">20161230201039</controlfield><controlfield tag="008">060222s1000------------r-----000-0-eng-d</controlfield><datafield ind1=" " ind2=" " tag="080"><subfield code="a">519.852</subfield></datafield><datafield ind1=" " ind2=" " tag="100"><subfield code="a">Mihaila, N</subfield></datafield><datafield ind1=" " ind2=" " tag="245"><subfield code="a">Introducere in programarea liniara</subfield></datafield><datafield ind1=" " ind2=" " tag="260"><subfield code="a">Bucuresti, Ed.Didactica Si Pedagogica, 1970. 354p</subfield></datafield><datafield ind1=" " ind2=" " tag="852"><subfield code="a">80718</subfield></datafield></record></collection>